@online{NGS454,
  author = {Jon Callas},
  title = {454 Gene sequencing machine},
  year = 2008,
  url = {https://www.flickr.com/photos/joncallas/2893451736},
  urldate = {2019-11-18}
}

@online{NGSPGM,
  author = {The U.S. FDA},
  title = {FDA Food Safety Applied Nutrition Lab (3975)},
  year = 2012,
  url = {https://www.flickr.com/photos/fdaphotos/7944688650},
  urldate = {2019-11-18}
}

@online{NGSHiSeq,
  author = {AgriLife Today},
  title = {Illumina HiSesq 2500},
  year = 2012,
  url = {https://www.flickr.com/photos/agrilifetoday/7352430990/},
  urldate = {2019-11-18}
}

@online{NGSNovaSeq,
  author = {Giada Cadei},
  title = {Sequenziatore per la genomica presente nel campus di Basovizza},
  year = 2019,
  url = {https://it.wikipedia.org/wiki/File:Sequenziatore_genomica.jpg},
  urldate = {2019-11-18}
}

@online{NGSMiSeq,
  author = {Ospedale Pediatrico Bambino Gesu},
  title = {Miseq Illumina},
  year = 2015,
  url = {https://www.flickr.com/photos/97397973@N05/19092162353/},
  urldate = {2019-11-18}
}

@online{NGSPacBio,
  author = {DOE Joint Genome Institute},
  title = {PacBio RS II DNA Sequencers at the DOE JGI},
  year = 2015,
  url = {https://www.flickr.com/photos/doe_jgi/34810045553},
  urldate = {2019-11-18}
}

@online{NGSMinION,
  author = {Cirosantilli2},
  title = {Oxford Nanopore MinION connected to a Mac via USB},
  year = 2019,
  url = {https://commons.wikimedia.org/wiki/File:Oxford_Nanopore_MinION_connected_to_a_Mac_via_USB.jpg},
  urldate = {2019-11-18}
}

@online{X,
  author = {},
  title = {},
  year = 2000,
  url = {},
  urldate = {2019-07-09}
}

@online{X,
  author = {},
  title = {},
  year = 2000,
  url = {},
  urldate = {2019-07-09}
}

@online{X,
  author = {},
  title = {},
  year = 2000,
  url = {},
  urldate = {2019-07-09}
}

@online{X,
  author = {},
  title = {},
  year = 2000,
  url = {},
  urldate = {2019-07-09}
}
