@online{saelogo,
  author = {School of Natural Resources from Ann Arbor},
  title = {Agarose gel with UV illumination - Ethidium bromide stained DNA glows orange (close-up)},
  year = 2012,
  url = {https://commons.wikimedia.org/wiki/File:Agarose_gel_with_UV_illumination_-_Ethidium_bromide_stained_DNA_glows_orange_(close-up).jpg},
  urldate = {2010-10-10}
}


@online{typhus_spread,
  author = {Anonym},
  title = {An illustration showing various ways that a water well (center) may become infected by typhoid fever bacteria.},
  year = 1939,
  url = {https://de.wikipedia.org/wiki/Datei:ForskeligeVeje_ad_hvilkenBroen_kan_inficeres_medTyfusbaciller.png},
  urldate = {2019-10-10}
}

@online{typhus_illness,
  author = {Unbekannt},
  title = {Typhuszimmer. Aufgenommen am 5.V.1916.},
  year = 2000,
  url = {https://picryl.com/media/typhuszimmer-aufgenommen-am-5v1916-oleszow-70f6e1},
  urldate = {2019-10-10}
}

@online{typhus_petri,
  author = {IRRI Photos},
  title = {Bacteria sample inside petri dish for biotechnology study},
  year = 2007,
  url = {Bacteria sample inside petri dish for biotechnology study},
  urldate = {2019-10-10}
}

@online{typhus_em,
  author = {Alain Grillet},
  title = {Electron microscope image of bacteria responsible for typhoid fever},
  year = 2017,
  url = {https://www.flickr.com/photos/sanofi-pasteur/5279772517},
  urldate = {2019-10-10}
}

@online{bacterium,
  author = {Clker-Free-Vector-Images},
  title = {bakterium-kernäquivalent-zytoplasma},
  year = 2014,
  url = {https://pixabay.com/de/vectors/bakterium-kern\%C3\%A4quivalent-zytoplasma-307660/},
  urldate = {2019-10-10}
}

@online{hiseq,
  author = {Magnus Manske},
  title = {Illumina HiSeq X DNA sequencing machine},
  year = 2014,
  url = {https://commons.wikimedia.org/wiki/File:Illumina_HiSeqX.jpg},
  urldate = {2019-10-10}
}

@online{problem1,
  author = {Adam Nieman},
  title = {Human genome printed},
  year = 2007,
  url = {https://www.flickr.com/photos/johnjobby/2253774248},
  urldate = {2019-10-10}
}

@online{problem2,
  author = {Unbekannt},
  title = {Chupacabras},
  year = 2017,
  url = {https://pxhere.com/de/photo/197502},
  urldate = {2019-10-10}
}

@online{problem3,
  author = {Capri23auto},
  title = {LKS Lastwagen},
  year = 2018,
  url = {https://pixabay.com/de/photos/lkw-lastwagen-lastkraftwagen-3910170/},
  urldate = {2019-10-10}
}

@online{problem4,
  author = {Andrej Mockalenko},
  title = {Mobile shredder},
  year = 2015,
  url = {https://commons.wikimedia.org/wiki/File:Mobile_shredder_(1).jpg},
  urldate = {2019-10-10}
}

@online{problem5,
  author = {emiliefarrisphotos},
  title = {Comic-Buch Wunderbüchershop},
  year = 2016,
  url = {https://pixabay.com/de/photos/comic-buch-wunder-b\%C3\%BCcher-shop-1393153/},
  urldate = {2019-10-10}
}

@Article{project1,
   Author="Mu, A.  and Kwong, J. C.  and Isles, N. S.  and Goncalves da Silva, A.  and Schultz, M. B.  and Ballard, S. A.  and Lane, C. R.  and Carter, G. P.  and Williamson, D. A.  and Seemann, T.  and Stinear, T. P.  and Howden, B. P. ",
   Title="{{R}econstruction of the {G}enomes of {D}rug-{R}esistant {P}athogens for {O}utbreak {I}nvestigation through {M}etagenomic {S}equencing}",
   Journal="mSphere",
   Year="2019",
   Volume="4",
   Number="1",
   Month="01"
}

@Article{project2,
   Author="Liu, X.  and Yu, Y.  and Liu, J.  and Elliott, C. F.  and Qian, C.  and Liu, J. ",
   Title="{{A} novel data structure to support ultra-fast taxonomic classification of metagenomic sequences with k-mer signatures}",
   Journal="Bioinformatics",
   Year="2018",
   Volume="34",
   Number="1",
   Pages="171--178",
   Month="01"
}

@Article{project3,
   Author="Bzhalava, Z.  and Tampuu, A.  and Ba?a, P.  and Vicente, R.  and Dillner, J. ",
   Title="{{M}achine {L}earning for detection of viral sequences in human metagenomic datasets}",
   Journal="BMC Bioinformatics",
   Year="2018",
   Volume="19",
   Number="1",
   Pages="336",
   Month="Sep"
}

@Article{project4,
   Author="Chappell, T.  and Geva, S.  and Hogan, J. M.  and Huygens, F.  and Rathnayake, I. U.  and Rudd, S.  and Kelly, W.  and Perrin, D. ",
   Title="{{R}apid analysis of metagenomic data using signature-based clustering}",
   Journal="BMC Bioinformatics",
   Year="2018",
   Volume="19",
   Number="Suppl 20",
   Pages="509",
   Month="Dec"
}

@Article{project5,
   Author="Ramon, E.  and Belanche-Munoz, L.  and Perez-Enciso, M. ",
   Title="{{H}{I}{V} drug resistance prediction with weighted categorical kernel functions}",
   Journal="BMC Bioinformatics",
   Year="2019",
   Volume="20",
   Number="1",
   Pages="410",
   Month="Jul"
}

@Article{project6,
   Author="Dawson, E. T.  and Wagner, S.  and Roberson, D.  and Yeager, M.  and Boland, J.  and Garrison, E.  and Chanock, S.  and Schiffman, M.  and Raine-Bennett, T.  and Lorey, T.  and Castle, P. E.  and Mirabello, L.  and Durbin, R. ",
   Title="{{V}iral coinfection analysis using a {M}in{H}ash toolkit}",
   Journal="BMC Bioinformatics",
   Year="2019",
   Volume="20",
   Number="1",
   Pages="389",
   Month="Jul"
}

@Article{project7,
   Author="Loka, T. P.  and Tausch, S. H.  and Dabrowski, P. W.  and Radonic, A.  and Nitsche, A.  and Renard, B. Y. ",
   Title="{{P}ri{L}ive: privacy-preserving real-time filtering for next-generation sequencing}",
   Journal="Bioinformatics",
   Year="2018",
   Volume="34",
   Number="14",
   Pages="2376--2383",
   Month="07"
}

@online{X,
  author = {},
  title = {},
  year = 2000,
  url = {},
  urldate = {2019-07-09}
}

