@online{PythonPulls,
  author = {Fabian Beuke},
  title = {GitHut},
  year = 2019,
  url = {https://madnight.github.io/githut/#/pull_requests/2019/2},
  urldate = {2019-07-09}
}

@online{PythonQuestions,
  author = {David Robinson},
  title = {The incredible growth of Python},
  year = 2017,
  url = {https://stackoverflow.blog/2017/09/06/incredible-growth-python/},
  urldate = {2019-07-09}
}

@online{LanguagesSalary,
  author = {Addison Williams},
  title = {The best paying and most in demand programming languages in 2019},
  year = 2019,
  url = {https://www.codeplatoon.org/the-best-paying-and-most-in-demand-programming-languages-in-2019/},
  urldate = {2019-07-09}
}
  
@online{ProgrammingLogo,
  author = {eignatik17},
  title = {Programming code screen},
  year = 2016,
  url = {https://pixabay.com/photos/programming-code-screen-java-1896158/},
  urldate = {2019-09-15}
}

@online{gitbranching,
  author = {Vincent Driessen},
  title = {A successful Git branching model},
  year = 2010,
  url = {https://nvie.com/posts/a-successful-git-branching-model/},
  urldate = {2019-09-15}
}

@online{langperformance,
  author = {attractivechaos},
  title = {Programming Languages Benchmarks},
  year = 2011,
  url = {https://attractivechaos.github.io/plb/},
  urldate = {2019-09-18}
}

@online{X,
  author = {},
  title = {},
  year = 2000,
  url = {},
  urldate = {2019-07-09}
}
