@online{saelogo,
  author = {School of Natural Resources from Ann Arbor},
  title = {Agarose gel with UV illumination - Ethidium bromide stained DNA glows orange (close-up)},
  year = 2012,
  url = {https://commons.wikimedia.org/wiki/File:Agarose_gel_with_UV_illumination_-_Ethidium_bromide_stained_DNA_glows_orange_(close-up).jpg},
  urldate = {2010-10-10}
}

@online{X,
  author = {},
  title = {},
  year = 2000,
  url = {},
  urldate = {2019-07-09}
}

